%% This BibTeX bibliography file was created using BibDesk.
%% http://bibdesk.sourceforge.net/

%% Created for Jordi Casas Roma at 2018-05-29 18:21:49 +0200 

%% Saved with string encoding Unicode (UTF-8) 

@article{alvargonzalez2020pandemia,
  title={La situación financiera de los trabajadores más afectados por la pandemia: un análisis a partir de la encuesta financiera de las familias},
  author={Alvargonzález, Pilar and Pidkuyko, Myroslav and Villanueva, Ernesto},
  journal={Boletín Económico/Banco de España, 3/2020},
  month={July},
  year={2020},
  publisher={Banco de Espa{\~n}a}
}

@article{gomez2022pensiones,
  title={El efecto de los planes de pensiones de empresa sobre el ahorro privado de los hogares},
  author={Gómez, Marina and Villanueva, Ernesto},
  journal={Boletín Económico/Banco de España, 2/2022},
  year={2022},
  publisher={Banco de España}
}

@article{crespo2023bancaonline,
  title={Heterogeneidad en el uso de los medios de pago y la banca online: un análisis a partir de la encuesta financiera de las familias (2002-2020)},
  author={Crespo, Laura and El Amrani, Najiba and Gento, Carlos Luis and Villanueva, Ernesto},
  journal={Documentos Ocasionales/Banco de España, 2308},
  year={2023},
  publisher={Banco de España}
}

@book{oates2022researching,
  title={Researching information systems and computing},
  author={Oates, Briony J and Griffiths, Marie and McLean, Rachel},
  year={2022},
  publisher={Sage}
}

@article{lynn2009methods,
  title={Methods for longitudinal surveys},
  author={Lynn, Peter},
  journal={Methodology of longitudinal surveys},
  pages={1--19},
  year={2009},
  publisher={Wiley Online Library}
}

@article{watson2009identifying,
  title={Identifying factors affecting longitudinal survey response},
  author={Watson, Nicole and Wooden, Mark},
  journal={Methodology of longitudinal surveys},
  pages={157--181},
  year={2009},
  publisher={Wiley Online Library}
}

@article{groves2006nonresponse,
  title={Nonresponse rates and nonresponse bias in household surveys},
  author={Groves, Robert M},
  journal={International Journal of Public Opinion Quarterly},
  volume={70},
  number={5},
  pages={646--675},
  year={2006},
  publisher={Oxford University Press England}
}

@article{lepkowski2002nonresponse,
  title={Nonresponse in the second wave of longitudinal household surveys},
  author={Lepkowski, James M and Couper, Mick P and others},
  journal={Survey nonresponse},
  pages={259--272},
  year={2002}
}

@article{couper2009keeping,
  title={Keeping in contact with mobile sample members},
  author={Couper, Mick P and Ofstedal, Mary Beth},
  journal={Methodology of longitudinal surveys},
  pages={183--203},
  year={2009},
  publisher={Wiley Online Library}
}

@article{groves1992understanding,
  title={Understanding the decision to participate in a survey},
  author={Groves, Robert M and Cialdini, Robert B and Couper, Mick P},
  journal={Public opinion quarterly},
  volume={56},
  number={4},
  pages={475--495},
  year={1992},
  publisher={Oxford University Press}
}

@article{obrien2006sensitive,
  title={Sensitive topics, survey nonresponse, and considerations for interviewer training},
  author={O’Brien, Eileen M and Black, Michele C and Carley-Baxter, Lisa R and Simon, Thomas R},
  journal={American journal of preventive medicine},
  volume={31},
  number={5},
  pages={419--426},
  year={2006},
  publisher={Elsevier}
}

@article{lynn2018tackling,
  title={Tackling panel attrition},
  author={Lynn, Peter},
  journal={The Palgrave handbook of survey research},
  pages={143--153},
  year={2018},
  publisher={Springer}
}

@article{laurie1999strategies,
  title={Strategies for reducing nonresponse in a longitudinal panel survey},
  author={Laurie, Heather and Smith, Rachel A and Scott, Lynne},
  journal={Journal of Official Statistics},
  volume={15},
  number={2},
  pages={269--282},
  year={1999},
  publisher={Statistics Sweden}
}

@article{lee2003panel,
  title={Panel attrition in survey data: a literature review},
  author={Lee, Una},
  year={2003},
  publisher={University of Cape Town}
}

@article{de2005mix,
  title={To mix or not to mix data collection modes in surveys.},
  author={De Leeuw, Edith D and others},
  journal={Journal of official statistics},
  volume={21},
  number={5},
  pages={233--255},
  year={2005},
  publisher={Statistics Sweden}
}

@article{nicoletti2005survey,
  title={Survey response and survey characteristics: microlevel evidence from the European Community Household Panel},
  author={Nicoletti, Cheti and Peracchi, Franco},
  journal={Journal of the Royal Statistical Society Series A: Statistics in Society},
  volume={168},
  number={4},
  pages={763--781},
  year={2005},
  publisher={Oxford University Press}
}

@techreport{lagorio2016call,
  title={Call and response: Modelling longitudinal contact and cooperation using Wave 1 call records data},
  author={Lagorio, Carlos and others},
  year={2016},
  institution={Understanding Society at the Institute for Social and Economic Research}
}

@inproceedings{calderwood2012using,
  title={Using response propensity models to inform fieldwork practice on the fifth wave of the Millenium Cohort Study},
  author={Calderwood, L and Cleary, A and Flore, G and Wiggins, RT},
  booktitle={International Panel Survey Methods Workshop},
  pages={4--5},
  year={2012}
}

@article{laurie2009use,
  title={The use of respondent incentives on longitudinal surveys},
  author={Laurie, Heather and Lynn, Peter},
  journal={Methodology of longitudinal surveys},
  pages={205--233},
  year={2009},
  publisher={Wiley Online Library}
}

@article{lynn2014continuity,
  title={Panel attrition: how important is interviewer continuity?},
  author={Lynn, Peter and Kaminska, Olena and Goldstein, Harvey},
  journal={Journal of Official Statistics},
  volume={30},
  number={3},
  pages={443--457},
  year={2014}
}

@book{rubin1987multiple,
  title={Multiple imputation for nonresponse in surveys},
  author={Rubin, Donald B},
  year={1987},
  publisher={New York: Wiley}
}

@book{groves2009survey,
  title={Survey methodology},
  author={Groves, Robert M and Fowler Jr, Floyd J and Couper, Mick P and Lepkowski, James M and Singer, Eleanor and Tourangeau, Roger},
  year={2009},
  publisher={John Wiley \& Sons}
}

@article{effmethod2002,
  title={Encuesta Financiera de las Familias españolas (EFF): Descripción y métodos de la encuesta de 2002},
  author={Bover, Olympia},
  journal={Banco de España, Documentos Ocasionales},
  number={0409},
  year={2004}
}

@article{effmethod2005,
  title={The Spanish survey of household finances (EFF): description and methods of the 2005 wave},
  author={Bover, Olympia},
  journal={Banco de España, Documentos Ocasionales},
  number={0803},
  year={2008}
}

@article{effmethod2008,
  title={The Spanish survey of household finances (EFF): description and methods of the 2008 wave},
  author={Bover, Olympia},
  journal={Banco de Espa{\~n}a Occasional Paper},
  number={1103},
  year={2011}
}

@article{effmethod2011,
  title={The Spanish Survey of Household Finances (EFF): description and methods of the 2011 wave},
  author={Bover, Olympia and Coronado, Enrique and Velilla, Pilar},
  journal={Banco de Espana occasional Paper},
  number={1407},
  year={2014}
}

@article{effmethod2014,
  title={The Spanish survey of household finances (EFF): description and methods of the 2014 wave},
  author={Bover, Olympia and Crespo, Laura and Gento, Carlos and Moreno, Ismael},
  journal={Banco de Espa{\~n}a Ocassional Paper},
  number={1804},
  year={2018}
}

@article{effmethod2017,
  title={The Spanish survey of household finances (EFF): Description and methods of the 2017 wave},
  author={Barcel{\'o}, Cristina and Crespo, Laura and Garcia, Sandra and Gento, Carlos and G{\'o}mez, Marina and de Quinto, Alicia},
  journal={Banco de Espana Occasional Paper},
  number={2033},
  year={2021}
}

@article{lynn2014targeted,
  title={Targeted response inducement strategies on longitudinal surveys},
  author={Lynn, Peter},
  journal={Improving Survey Methods},
  pages={322--338},
  year={2014},
  publisher={Routledge}
}

@article{groves2006responsive,
  title={Responsive design for household surveys: tools for actively controlling survey errors and costs},
  author={Groves, Robert M and Heeringa, Steven G},
  journal={Journal of the Royal Statistical Society Series A: Statistics in Society},
  volume={169},
  number={3},
  pages={439--457},
  year={2006},
  publisher={Oxford University Press}
}

@article{kern2021predicting,
  title={Predicting nonresponse in future waves of a probability-based mixed-mode panel with machine learning},
  author={Kern, Christoph and Wei{\ss}, Bernd and Kolb, Jan-Philipp},
  journal={Journal of Survey Statistics and Methodology},
  pages={smab009},
  year={2021},
  publisher={Oxford University Press}
}

@article{jankowsky2022validation,
  title={Validation and generalizability of machine learning prediction models on attrition in longitudinal studies},
  author={Jankowsky, Kristin and Schroeders, Ulrich},
  journal={International Journal of Behavioral Development},
  volume={46},
  number={2},
  pages={169--176},
  year={2022},
  publisher={SAGE Publications Sage UK: London, England}
}

@article{buskirk2018introduction,
  title={An introduction to machine learning methods for survey researchers},
  author={Buskirk, Trent D and Kirchner, Antje and Eck, Adam and Signorino, Curtis S},
  journal={Survey Practice},
  volume={11},
  number={1},
  year={2018}
}

@inproceedings{lynn2017standardised,
  title={From standardised to targeted survey procedures for tackling non-response and attrition},
  author={Lynn, Peter},
  booktitle={Survey Research Methods},
  volume={11},
  number={1},
  pages={93--103},
  year={2017}
}

@inproceedings{kern2019tree,
  title={Tree-based machine learning methods for survey research},
  author={Kern, Christoph and Klausch, Thomas and Kreuter, Frauke},
  booktitle={Survey research methods},
  volume={13, No. 1},
  pages={73},
  year={2019},
  organization={NIH Public Access}
}

@misc{hirano1998combining,
  title={Combining panel data sets with attrition and refreshment samples},
  author={Hirano, Keisuke and Imbens, Guido and Ridder, Geert and Rebin, Donald B},
  year={1998},
  publisher={National Bureau of Economic Research Cambridge, Mass., USA}
}

@article{mcgonagle2022effects,
  title={The Effects of a Targeted “Early Bird” Incentive Strategy on Response Rates, Fieldwork Effort, and Costs in a National Panel Study},
  author={Mcgonagle, Katherine A and Sastry, Narayan and Freedman, Vicki A},
  journal={Journal of Survey Statistics and Methodology},
  pages={smab042},
  year={2022},
  publisher={Oxford University Press}
}

@article{williams2018trends,
    author = {Williams, Douglas and Brick, J Michael},
    title = "{Trends in U.S. Face-To-Face Household Survey Nonresponse and Level of Effort}",
    journal = {Journal of Survey Statistics and Methodology},
    volume = {6},
    number = {2},
    pages = {186-211},
    year = {2017},
    month = {07},
    abstract = "{Research on nonresponse in face-to-face surveys in the United States has shown that nonresponse increases over time for most surveys, but there are also periods of fairly stable rates. Surprisingly, nonresponse for face-to-face surveys has not been as widely studied recently as compared to telephone surveys. The focus on telephone surveys may be due to the dramatic increase in nonresponse for these surveys or perhaps because face-to-face surveys still achieve relatively high levels of response. This paper updates nonresponse trends for face-to-face household surveys conducted in the United States since 2000. The review provides a comprehensive picture of the industry by including surveys conducted by government, private, and academic organizations. The relative role of refusals and noncontacts in the total nonresponse is also presented. We tie the trends in nonresponse with data on the level of effort for some of these surveys. Many researchers have suggested that extra effort has been needed to prevent response rates from falling even more precipitously but lacked the effort data to evaluate this hypothesis for face-to-face surveys. Some data on field effort are becoming available, so this question can be addressed for the first time across more than one survey. To complete the picture, we also look at loss over time for longitudinal face-to-face surveys.}",
    issn = {2325-0984},
    doi = {10.1093/jssam/smx019},
    url = {https://doi.org/10.1093/jssam/smx019},
    eprint = {https://academic.oup.com/jssam/article-pdf/6/2/186/24807380/smx019.pdf},
}

@phdthesis{wagner2008adaptive,
  title={Adaptive survey design to reduce nonresponse bias},
  author={Wagner, James R},
  year={2008},
  school={University of Michigan}
}

@book{schouten2017adaptive,
  title={Adaptive survey design},
  author={Schouten, Barry and Peytchev, Andy and Wagner, James},
  year={2017},
  publisher={CRC Press}
}

@article{tourangeau2017adaptive,
  title={Adaptive and responsive survey designs: a review and assessment},
  author={Tourangeau, Roger and Michael Brick, J and Lohr, Sharon and Li, Jane},
  journal={Journal of the Royal Statistical Society Series A: Statistics in Society},
  volume={180},
  number={1},
  pages={203--223},
  year={2017},
  publisher={Oxford University Press}
}

@article{de1995effect,
  title={The effect of computer-assisted interviewing on data quality. A review},
  author={De Leeuw, Edith D and Hox, Joop J and Snijkers, Ger},
  journal={Market Research Society. Journal.},
  volume={37},
  number={4},
  pages={1--19},
  year={1995},
  publisher={SAGE Publications Sage UK: London, England}
}

@article{early2017dynamic,
  title={Dynamic question ordering in online surveys},
  author={Early, Kirstin and Mankoff, Jennifer and Fienberg, Stephen E},
  journal={Journal of Official Statistics},
  volume={33},
  number={3},
  pages={625--657},
  year={2017}
}

@article{kreuter2015note,
  title={A note on improving process efficiency in panel surveys with paradata},
  author={Kreuter, Frauke and M{\"u}ller, Gerrit},
  journal={Field Methods},
  volume={27},
  number={1},
  pages={55--65},
  year={2015},
  publisher={SAGE Publications Sage CA: Los Angeles, CA}
}

@article{Sun2023Applying,
	journal={Survey Practice},
	doi={10.29115/SP-2023-0007},
	number=1,
	title={Applying Machine Learning to the Evaluation of Interviewer Performance},
	volume=16,
	author={Sun, Hanyu and Yan, Ting},
	date={2023-07-27},
	year=2023,
	month=7,
	day=27,
}

@article{liu2020using,
  title={Using machine learning models to predict attrition in a survey panel},
  author={Liu, Mingnan},
  journal={Big data meets survey science: A collection of innovative methods},
  pages={415--433},
  year={2020},
  publisher={Wiley Online Library}
}

@inproceedings{beste2023case,
  title={Case Prioritization in a Panel Survey Based on Predicting Hard to Survey Households by Machine Learning Algorithms: An Experimental Study},
  author={Beste, Jonas and Frodermann, Corinna and Trappmann, Mark and Unger, Stefanie},
  booktitle={Survey Research Methods},
  volume={17, No. 3},
  pages={243--268},
  year={2023}
}

@article{barcelo2006imputation,
  title={Imputation of the 2002 wave of the Spanish Survey of Household Finances (EFF)},
  author={Barcel{\'o}, Cristina},
  journal={Banco de Espana Research Paper No. OP-0603},
  year={2006}
}

@article{bergstra2012random,
  title={Random search for hyper-parameter optimization.},
  author={Bergstra, James and Bengio, Yoshua},
  journal={Journal of machine learning research},
  volume={13, No. 2},
  year={2012}
}

@article{chawla2002smote,
  title={SMOTE: synthetic minority over-sampling technique},
  author={Chawla, Nitesh V and Bowyer, Kevin W and Hall, Lawrence O and Kegelmeyer, W Philip},
  journal={Journal of artificial intelligence research},
  volume={16},
  pages={321--357},
  year={2002}
}